@article{fadhly2022efl,
  author  = {Fahrus Zaman Fadhly},
  title   = {Enhancing the Academic Writing of EFL Learners: An Analysis of Effective Strategies through Meta-Synthesis},
  journal = {IJELTAL (Indonesian Journal of English Language Teaching and Applied Linguistics)},
  year    = {2022},
  volume  = {6},
  number  = {2},
  pages   = {397--410},
  url     = {https://ijeltal.org/index.php/ijeltal/article/view/1438}
}

@article{maier2013goodreview,
  author  = {Holger R. Maier},
  title   = {Commentary: What constitutes a good literature review and why does its quality matter?},
  journal = {Environmental Modelling \& Software},
  year    = {2013},
  volume  = {43},
  pages   = {3--4},
  doi     = {10.1016/j.envsoft.2013.02.004}
}

@article{ekholm2018clarifying,
  author  = {Ekholm, Eric and Zumbrunn, Sharon and DeBusk-Lane, Morgan},
  title   = {Clarifying an Elusive Construct: A Systematic Review of Writing Attitudes},
  journal = {Educational Psychology Review},
  year    = {2018},
  volume  = {30},
  number  = {3},
  pages   = {827--856},
  doi     = {10.1007/s10648-017-9423-5}
}

@article{kestin2025aitutor,
  author  = {Kestin, Greg and Faber, A. and Man, K. and Deslauriers, L. and Mazur, E.},
  title   = {AI tutoring outperforms in-class active learning: an RCT introducing a novel research-based design in an authentic educational setting},
  journal = {Scientific Reports},
  year    = {2025},
  volume  = {15},
  number  = {17458},
  doi     = {10.1038/s41598-025-97652-6},
  url     = {https://www.nature.com/articles/s41598-025-97652-6}
}

@inproceedings{ding2024socratic,
  author    = {Ding, Yuyang and Hu, Hanglei and Zhou, Jie and Chen, Qin and Jiang, Bo and He, Liang},
  title     = {Boosting Large Language Models with Socratic Method for Conversational Mathematics Teaching},
  booktitle = {Proceedings of the 33rd ACM International Conference on Information and Knowledge Management (CIKM 2024)},
  year      = {2024},
  doi       = {10.1145/3627673.3679881},
  url       = {https://dl.acm.org/doi/10.1145/3627673.3679881},
  note      = {See also arXiv:2407.17349}
}

@misc{ibm2025cot,
  author = {{IBM}},
  title  = {What is chain of thought (CoT) prompting?},
  year   = {2025},
  howpublished = {\url{https://www.ibm.com/think/topics/chain-of-thoughts}}
}

@misc{catlr2019selfexplanation,
  author = {{Center for Advancing Teaching and Learning Through Research (CATLR)}},
  title  = {The Power of Self-Explanation},
  year   = {2019},
  howpublished = {\url{https://learning.northeastern.edu/the-power-of-self-explanation/}}
}

@article{pithers2000critical,
  author  = {Pithers, R. T. and Soden, Rebecca},
  title   = {Critical Thinking in Education: A Review},
  journal = {Educational Research},
  year    = {2000},
  volume  = {42},
  number  = {3},
  pages   = {237--249},
  doi     = {10.1080/001318800440579}
}

@book{reagle2010good,
  author    = {Reagle, Joseph Michael},
  title     = {Good Faith Collaboration: The Culture of Wikipedia},
  publisher = {MIT Press},
  year      = {2010},
  isbn      = {978-0262014472},
  url       = {https://reagle.org/joseph/2010/gfc/reagle-2010-good-faith-collaboration.pdf}
}

@inproceedings{worku2020exploring,
  author    = {Worku, Zena and Bipat, Taryn and McDonald, David W. and Zachry, Mark},
  title     = {Exploring Systematic Bias through Article Deletions on Wikipedia from a Behavioral Perspective},
  booktitle = {Proceedings of the 16th International Symposium on Open Collaboration (OpenSym 2020)},
  year      = {2020},
  publisher = {Association for Computing Machinery},
  doi       = {10.1145/3412569.3412573}
}

@misc{wikimediaREST,
  author       = {{Wikimedia Foundation}},
  title        = {Wikimedia REST API Documentation},
  year         = {2024},
  howpublished = {\url{https://wikimedia.org/api/rest_v1/}}
}

@misc{openaiAppsSDK,
  author       = {{OpenAI}},
  title        = {Apps SDK: Reference and Guides},
  year         = {2025},
  howpublished = {\url{https://developers.openai.com/apps-sdk/}}
}
